<marc:record>
        <marc:leader>05179cam a2200625 a 4500</marc:leader>
        <marc:controlfield tag="001">431188</marc:controlfield>
        <marc:controlfield tag="005">20130624124814.0</marc:controlfield>
        <marc:controlfield tag="008">851219s1768    ie            00000 eng d</marc:controlfield>
        <marc:datafield ind1=" " ind2=" " tag="035">
            <marc:subfield code="a">(CStRLIN)PAUG85-B44953</marc:subfield></marc:datafield>
        <marc:datafield ind1=" " ind2=" " tag="035">
            <marc:subfield code="a">(CaOTULAS)121284492</marc:subfield>
        </marc:datafield>
        <marc:datafield ind1=" " ind2=" " tag="035">
            <marc:subfield code="9">ABC4364</marc:subfield>
        </marc:datafield>
        <marc:datafield ind1=" " ind2=" " tag="035">
            <marc:subfield code="a">199448</marc:subfield>
        </marc:datafield>
        <marc:datafield ind1=" " ind2=" " tag="035">
            <marc:subfield code="a">(MediadbVoyBIBID)431188</marc:subfield>
        </marc:datafield>
        <marc:datafield ind1=" " ind2=" " tag="035">
            <marc:subfield code="a">(END)pr_3348_c65_w6_1768</marc:subfield>
        </marc:datafield>
        <marc:datafield ind1=" " ind2=" " tag="040">
            <marc:subfield code="a">PU</marc:subfield>
            <marc:subfield code="c">PU</marc:subfield>
        </marc:datafield>
        <marc:datafield ind1=" " ind2=" " tag="090">
            <marc:subfield code="a">PR3348.C65</marc:subfield>
            <marc:subfield code="b">W6 1768</marc:subfield>
            <marc:subfield code="i">12/19/85 CT</marc:subfield>
        </marc:datafield>
        <marc:datafield ind1="1" ind2=" " tag="100">
            <marc:subfield code="a">Cleland, John,</marc:subfield>
            <marc:subfield code="d">1709-1789.</marc:subfield>
        </marc:datafield>
        <marc:datafield ind1="1" ind2="4" tag="245">
            <marc:subfield code="a">The woman of honor :</marc:subfield>
            <marc:subfield code="b">in three volumes.</marc:subfield>
        </marc:datafield>
        <marc:datafield ind1=" " ind2=" " tag="246">
            <marc:subfield code="a">The woman of honor.  In three volumes. Volume I.</marc:subfield>
            <marc:subfield code="d">Letter-press</marc:subfield>
            <marc:subfield code="g">Full</marc:subfield>
            <marc:subfield code="x">Volume</marc:subfield>
            <marc:subfield code="v">v.1</marc:subfield>
        </marc:datafield>
        <marc:datafield ind1=" " ind2=" " tag="246">
            <marc:subfield code="a">The woman of honor.  In three volumes. Volume II.</marc:subfield>
            <marc:subfield code="d">Letter-press</marc:subfield>
            <marc:subfield code="g">Full</marc:subfield>
            <marc:subfield code="x">Volume</marc:subfield>
            <marc:subfield code="v">v.2</marc:subfield>
        </marc:datafield>
        <marc:datafield ind1=" " ind2=" " tag="246">
            <marc:subfield code="a">The woman of honor.  In three volumes.  Volume III.</marc:subfield>
            <marc:subfield code="d">Letter-press</marc:subfield>
            <marc:subfield code="g">Full</marc:subfield>
            <marc:subfield code="x">Volume</marc:subfield>
            <marc:subfield code="v">v.3</marc:subfield>
        </marc:datafield>
        <marc:datafield ind1=" " ind2=" " tag="260">
            <marc:subfield code="a">Dublin</marc:subfield>
            <marc:subfield code="b">Printed for James Williams, in Skinner-Row.</marc:subfield>
            <marc:subfield code="c">MDCCLXVIII. (1768)</marc:subfield>
        </marc:datafield>
        <marc:datafield ind1=" " ind2=" " tag="300">
            <marc:subfield code="a">[2], 314, [2] p. (the last leaf blank) ;</marc:subfield>
            <marc:subfield code="c">18 cm.</marc:subfield>
            <marc:subfield code="x">Duodecimo</marc:subfield>
            <marc:subfield code="z">In three volumes.</marc:subfield>
            <marc:subfield code="a">[3 v.]</marc:subfield>
        </marc:datafield>
        <marc:datafield ind1=" " ind2=" " tag="300">
            <marc:subfield code="a">[1]-96</marc:subfield>
            <marc:subfield code="v">v.1</marc:subfield>
        </marc:datafield>
        <marc:datafield ind1=" " ind2=" " tag="300">
            <marc:subfield code="a">[97]-[188]</marc:subfield>
            <marc:subfield code="v">v.2</marc:subfield>
        </marc:datafield>
        <marc:datafield ind1=" " ind2=" " tag="300">
            <marc:subfield code="a">[189]-314</marc:subfield>
            <marc:subfield code="v">v.3</marc:subfield>
        </marc:datafield>
        <marc:datafield ind1=" " ind2=" " tag="500">
            <marc:subfield code="a">Published anonymously.  Dubiously attributed to John Cleland.  Cf. BM.</marc:subfield>
        </marc:datafield>
        <marc:datafield ind1=" " ind2=" " tag="500">
            <marc:subfield code="a">Each vol. has separate t.p.; first leaf of each gathering includes vol. designation.</marc:subfield>
        </marc:datafield>
        <marc:datafield ind1=" " ind2=" " tag="500">
            <marc:subfield code="a">Vols. I-III bound in one volume.</marc:subfield>
        </marc:datafield>
        <marc:datafield ind1=" " ind2=" " tag="500">
            <marc:subfield code="a">Signatures: A² B-O¹² P².</marc:subfield>
        </marc:datafield>
        <marc:datafield ind1=" " ind2=" " tag="500">
            <marc:subfield code="a">Running titles change to reflect the letters on each page.  The format is &quot;[author of letter]&quot; (verso); &quot;to [recipient]&quot; (recto).  For example: Clara Maynwaring (verso) to Lady Harriet (recto).</marc:subfield>
        </marc:datafield>
        <marc:datafield ind1=" " ind2=" " tag="500">
            <marc:subfield code="a">First page following cover and back pastedown designed to look like envelopes.</marc:subfield>
        </marc:datafield>
        <marc:datafield ind1="4" ind2=" " tag="510">
            <marc:subfield code="a">ESTC (RLIN)</marc:subfield>
            <marc:subfield code="c">N24948</marc:subfield>
        </marc:datafield>
        <marc:datafield ind1="4" ind2=" " tag="510">
            <marc:subfield code="a">Raven, J.  British fiction, 1750-1770,</marc:subfield>
            <marc:subfield code="c">1204</marc:subfield>
        </marc:datafield>
        <marc:datafield ind1=" " ind2=" " tag="520">
            <marc:subfield code="a">Footnotes</marc:subfield>
            <marc:subfield code="c">Middle</marc:subfield>
            <marc:subfield code="v">v.1</marc:subfield>
            <marc:subfield code="x">Appears on p. 57 of Vol. I; explains omission of letters from the text.</marc:subfield>
        </marc:datafield>
        <marc:datafield ind1=" " ind2=" " tag="591">
            <marc:subfield code="a">Letters bring things more home, and represent them more to the life, than either annals or lives.</marc:subfield>
            <marc:subfield code="2">Bacon, Lord Verulam.</marc:subfield>
            <marc:subfield code="v">v.1</marc:subfield>
            <marc:subfield code="v">v.2</marc:subfield>
            <marc:subfield code="v">v.3</marc:subfield>
        </marc:datafield>
        <marc:datafield ind1=" " ind2=" " tag="592">
            <marc:subfield code="a">Epistolary</marc:subfield>
        </marc:datafield>
        <marc:datafield ind1=" " ind2=" " tag="595">
            <marc:subfield code="a">Pencil</marc:subfield>
            <marc:subfield code="b">Words</marc:subfield>
            <marc:subfield code="v">v.1</marc:subfield>
            <marc:subfield code="x">Handwriting on the front free end-paper reads &quot;whoever reads this book must [illegible] to ask me how I liked it. yours &amp;c [the] [illegible]&quot;</marc:subfield>
        </marc:datafield>
        <marc:datafield ind1=" " ind2=" " tag="595">
            <marc:subfield code="a">Pencil</marc:subfield>
            <marc:subfield code="b">Words</marc:subfield>
            <marc:subfield code="v">v.1</marc:subfield>
            <marc:subfield code="x">Handwriting on the verso side of the page facing the title page reads &quot;Book lists. pp. 98 --- 188 --- 190&quot;</marc:subfield>
        </marc:datafield>
        <marc:datafield ind1=" " ind2="7" tag="655">
            <marc:subfield code="a">Booksellers\' advertisements</marc:subfield>
            <marc:subfield code="z">Ireland</marc:subfield>
            <marc:subfield code="y">18th century.</marc:subfield>
            <marc:subfield code="2">rbgenr</marc:subfield>
        </marc:datafield>
        <marc:datafield ind1=" " ind2=" " tag="656">
            <marc:subfield code="a">Fiction</marc:subfield>
            <marc:subfield code="b">Front</marc:subfield>
            <marc:subfield code="c">Same publisher</marc:subfield>
            <marc:subfield code="x">&quot;Books of entertainment, published by James Williams, bookseller, in Skinner-Row. The busy-body; or the adventures of Monsieur Bigand, a man infinitely inquisitive and enterprising, even to rashness; which unhappy faculties, nevertheless, instead of ruining, raised him from the lowest obscurity, to a most splendid fortune.  Interspersed with several humorous stories.  The whole containing great variety of adventures, equally instructive and inviting.  In two vols. Price 5s. 5d. bound. --- Also, Letters from Altamont in London, to his friend in the country, price 2s. 2d. bound. --- Also, the virtuous widow: or, the memoirs of the Baroness de Batteville.  By Madam de Beaumont.  2s. 2d. bound.&quot;</marc:subfield>
            <marc:subfield code="v">v.2</marc:subfield>
        </marc:datafield>
        <marc:datafield ind1=" " ind2=" " tag="656">
            <marc:subfield code="a">Mixed genre</marc:subfield>
            <marc:subfield code="b">Back</marc:subfield>
            <marc:subfield code="c">Same publisher</marc:subfield>
            <marc:subfield code="x">&quot;Books of entertainment, published by James Williams, bookseller, in Skinner Row. --- Bellisarius. By Marnontell.  Price 2s. 8d. h. --- The triumvirate: or, the authentic memoirs of Andrews, Bevile and Carewe, 2 vols. 5s. 5d. --- The history of Sir Charles Grandison, 7 vols. 19s. 6d. --- The history of Clarissa Harlowe, 7 vols. 19s. 6d. --- The history of Miss Sally Sable. 2s. 8d. --- The adventures of Capt. Greenland, 4 vols. 10s. 10d. --- The supposed daughter: or, the innocent imposture. 2s. 8d. h. --- True merit, true happiness: or, the adventures of Mr. Seaton.  2s. 8d. h.&quot;</marc:subfield>
            <marc:subfield code="v">v.2</marc:subfield>
        </marc:datafield>
        <marc:datafield ind1=" " ind2=" " tag="656">
            <marc:subfield code="a">Ficton</marc:subfield>
            <marc:subfield code="b">Front</marc:subfield>
            <marc:subfield code="c">Same publisher</marc:subfield>
            <marc:subfield code="x">&quot;Books of entertainment, published by James Williams, bookseller, in Skinner Row. --- The history of Miss Harriet Fitzroy, and Miss Emilia Spencer.  Written after the manner of Mr. Richardson\'s Clarissa.  By the author of Lucinda Courtney. 2s. 8d. h. --- Also, The history of Felicia and Charlotte, by the editor of the Death of Abel. 2s. 8d. h. --- Also, The country cousins: or, a journey to London.  2s. 8d. h. --- Also, The vicar of Wakefield, a tale.  By Oliver Goldsmith.  3s. 3d. --- Also, The adventures, voyages, and surprising escapes of Capt. Froude of Cork 2s. 2d.&quot;</marc:subfield>
            <marc:subfield code="v">v.3</marc:subfield>
        </marc:datafield>
        <marc:datafield ind1=" " ind2="4" tag="650">
            <marc:subfield code="a">CHR 1768</marc:subfield>
        </marc:datafield>
        <marc:datafield ind1=" " ind2="4" tag="650">
            <marc:subfield code="a">PRO Singer, Godfrey F. (honoree)</marc:subfield>
        </marc:datafield>
        <marc:datafield ind1=" " ind2=" " tag="700">
            <marc:subfield code="a">Cleland, John</marc:subfield>
            <marc:subfield code="d">1709-1789</marc:subfield>
            <marc:subfield code="4">Author (text)</marc:subfield>
            <marc:subfield code="5">Authorized</marc:subfield>
        </marc:datafield>
        <marc:datafield ind1=" " ind2=" " tag="700">
            <marc:subfield code="a">James Williams</marc:subfield>
            <marc:subfield code="4">Printed for</marc:subfield>
            <marc:subfield code="5">Unauthorized</marc:subfield>
        </marc:datafield>
        <marc:datafield ind1=" " ind2=" " tag="700">
            <marc:subfield code="a">Bacon, Francis</marc:subfield>
            <marc:subfield code="d">1561-1626</marc:subfield>
            <marc:subfield code="4">Author (epigraph)</marc:subfield>
            <marc:subfield code="5">Authorized</marc:subfield>
        </marc:datafield>
        <marc:datafield ind1=" " ind2=" " tag="710">
            <marc:subfield code="a">James Williams</marc:subfield>
            <marc:subfield code="4">Printed for</marc:subfield>
            <marc:subfield code="5">Unauthorized</marc:subfield>
        </marc:datafield>
        <marc:datafield ind1="2" ind2=" " tag="710">
            <marc:subfield code="a">Collection of British and American Fiction, 1660-1830 (University of Pennsylvania)</marc:subfield>
        </marc:datafield>
        <marc:datafield ind1="2" ind2=" " tag="710">
            <marc:subfield code="a">Early Novels</marc:subfield>
            <marc:subfield code="5">University of Pennsylvania</marc:subfield>
        </marc:datafield>
        <marc:datafield ind1=" " ind2=" " tag="950">
            <marc:subfield code="l">RBC</marc:subfield>
            <marc:subfield code="e">\\\\Singer-\\Menden-\\hall\\</marc:subfield>
            <marc:subfield code="i">12/19/85 C</marc:subfield>
        </marc:datafield>
        <marc:datafield ind1=" " ind2=" " tag="955">
            <marc:subfield code="l">RBC</marc:subfield>
            <marc:subfield code="c">1</marc:subfield>
            <marc:subfield code="q">725586</marc:subfield>
            <marc:subfield code="s">Godfrey F. Singer Mem.</marc:subfield>
            <marc:subfield code="i">12/19/85 C</marc:subfield>
        </marc:datafield>
        <marc:datafield ind1=" " ind2=" " tag="989">
            <marc:subfield code="2">Woman</marc:subfield>
            <marc:subfield code="2">Honor</marc:subfield>
            <marc:subfield code="3">Three</marc:subfield>
            <marc:subfield code="2">Volume</marc:subfield>
        </marc:datafield>
        <marc:datafield ind1=" " ind2=" " tag="999">
            <marc:subfield code="a">JRH</marc:subfield>
            <marc:subfield code="b">6/19/13</marc:subfield>
            <marc:subfield code="c">Swarthmore College</marc:subfield>
            <marc:subfield code="d">ANS</marc:subfield>
        </marc:datafield>
    </marc:record>